@inproceedings{AIR2019,
  title={Scalable zero knowledge with no trusted setup},
  author={Ben-Sasson, Eli and Bentov, Iddo and Horesh, Yinon and Riabzev, Michael},
  booktitle={Annual international cryptology conference},
  pages={701--732},
  year={2019},
  organization={Springer}
}

@misc{PAIRs,
  author = {Ariel Gabizon},
  title = {From AIRs to RAPs - How PLONK-style arithmetization works},
  year = {2021},
  howpublished = {\url{https://hackmd.io/@aztec-network/plonk-arithmetiization-air}},
}

@article{LFKN92,
  title={Algebraic methods for interactive proof systems},
  author={Lund, Carsten and Fortnow, Lance and Karloff, Howard and Nisan, Noam},
  journal={Journal of the ACM (JACM)},
  volume={39},
  number={4},
  pages={859--868},
  year={1992},
  publisher={ACM New York, NY, USA}
}

@article{SL20,
  title={Quarks: Quadruple-efficient transparent zkSNARKs},
  author={Setty, Srinath and Lee, Jonathan},
  journal={Cryptology ePrint Archive},
  year={2020}
}